% This file was created with Citavi 6.10.0.0

@misc{J.Ranneberg.22.04.2014,
 author = {{J. Ranneberg}},
 date = {22.04.2014},
 title = {Skript B6},
 address = {Moodle},
 series = {Vorlesung Leistungselektronik},
 institution = {{HTW Berlin}}
}


@misc{J.Ranneberg.01.10.2021,
 author = {{J. Ranneberg}},
 date = {01.10.2021},
 title = {Simulations{\"u}bung Leistungselektronik (M8 PC{\"U}): F{\"u}r Studenten des Masterstudienganges Elektrotechnik an der HTW},
 address = {Moodle},
 institution = {{HTW Berlin}}
}


